% =================== %
% Background
% =================== %

@misc{行政院農委會_農業就業人口統計, title={農業就業人口統計}, url={https://agrstat.coa.gov.tw/sdweb/public/inquiry/InquireAdvance.aspx}, journal={農業統計資料查詢}, publisher={The Council of Agriculture}, author={行政院農委會}, note={\url{https://agrstat.coa.gov.tw/sdweb/public/inquiry/InquireAdvance.aspx}, accessed 2021-08-26}} 

@misc{黃柏軒_2018, title={以科技突破台灣農業挑戰 - 今周刊}, url={https://www.businesstoday.com.tw/article/category/80394/post/201805180035}, author={黃柏軒}, year={2018}, month={May},note={\url{https://www.businesstoday.com.tw/article/category/80394/post/201805180035}, accessed 2021-08-26}} 
 
@misc{行政院農委會_單一農產品進出口量值, title={單一農產品進出口量值─按國家別}, url={https://agrstat.coa.gov.tw/sdweb/public/trade/tradereport.aspx}, journal={農業統計資料查詢}, author={行政院農委會},note={\url{https://agrstat.coa.gov.tw/sdweb/public/trade/tradereport.aspx}, accessed 2021-08-26}} 


% =================== %
% Plant disease
% =================== %


@misc{henn_2016, title={The Plant Doctor - Watering and Plant Disease}, url={http://extension.msstate.edu/publications/information-sheets/the-plant-doctor-watering-and-plant-disease}, journal={Mississippi State University Extension Service}, author={Henn, Alan}, year={2016}, month={Oct},note={\url{http://extension.msstate.edu/publications/information-sheets/the-plant-doctor-watering-and-plant-disease}, accessed 2021-08-26}} 

@article{Plant_Pathogens,
author = {Hong, Chuanxue and Moorman, G.},
year = {2005},
month = {05},
pages = {189-208},
title = {Plant Pathogens in Irrigation Water: Challenges and Opportunities},
volume = {24},
journal = {Critical Reviews in Plant Sciences - CRIT REV PLANT SCI},
doi = {10.1080/07352680591005838}
}

% =================== %
% Previous works
% =================== %

@mastersthesis{jausih_2020, title={Automated Counting System for Orchid Seedlings Based on Deep Learning }, author={J. S. Chang}, year={2020}, school={National Tsing Hua University}}

% @mastersthesis{張庭維_2020, title={結合視覺辨識與空間深度圖之立體定位應用-蘭花智慧灌澆控制系統}, author={張庭維}, year={2020}, school={National Tsing Hua University}} 


@Article{app11104531,
AUTHOR = {Chang, Ting-Wei and Wang, Wei-Cheng and Chen, Rongshun},
TITLE = {Intelligent Control System to Irrigate Orchids Based on Visual Recognition and 3D Positioning},
JOURNAL = {Applied Sciences},
VOLUME = {11},
YEAR = {2021},
NUMBER = {10},
ARTICLE-NUMBER = {4531},
URL = {https://www.mdpi.com/2076-3417/11/10/4531},
ISSN = {2076-3417},
ABSTRACT = {This work develops a novel automatic irrigation system to implement the customized and accurate watering for an individual seedling. The system integrates the modules of visual recognition of the stem-leaf junction, identification of the stem-root junction as the watering point, and control of the spraying nozzle. The model of YOLOv3 is employed to screen the stem-leave junction of an orchid seedling, whose depth map then acquired by the method of Semi-Global Block Matching (SGBM) extracts the three-dimensional (3D) coordinates of the junction center. Next, the concept of leaf vector is introduced to identify the stem-root junction of the orchid seedling as the accurate watering point, which the spraying nozzle is controlled to reach for supplement of the specific amount of water. A number of experiments were conducted to verify the proposed irrigation system for orchid seedlings at different locations with various heights. The experimental results show that the rates of successful watering are 82\% and 83.3\% for the uni-pot and multi-pot orchid seedlings, respectively.},
DOI = {10.3390/app11104531}
}


% =================== %
% Gantry Robot
% =================== %

% Farmbot
@incollection{aronson2013humanity,
  title={Humanity's open-source automated precision farming machine},
  author={Aronson, R Landon},
  booktitle={Creative Commons Attribution 4.0 International License, California},
  year={2013}
}

% 2017
@INPROCEEDINGS{8068411,  author={Jauhari, Rakhmi and Jati, Agung Nugroho and Azmi, Fairuz},  booktitle={2017 5th International Conference on Instrumentation, Control, and Automation (ICA)},   title={Mechanical design of CNC for general farming automation},   year={2017},  volume={},  number={},  pages={47-50},  doi={10.1109/ICA.2017.8068411}}

% 2018

@INPROCEEDINGS{8449202,  author={A. {Athukorala} and N. {Ranasinghe} and K. {Herath} and P. {Jayasekara} and T. D. {Lalitharatne}},  booktitle={2018 14th IEEE/ASME International Conference on Mechatronic and Embedded Systems and Applications (MESA)},   title={Scalable Autonomous Agronomical Smartbot},   year={2018},  volume={},  number={},  pages={1-6},  doi={10.1109/MESA.2018.8449202}}

@INPROCEEDINGS{8711852,  author={M. {Jawad} and N. {Saleem} and S. A. {Ahmed} and M. B. {Qureshi} and S. M. {Ali} and Z. {Ullah} and B. {Khan} and C. A. {Mehmood} and R. {Asghar} and U. {Fayyaz}},  booktitle={2019 International Conference on Engineering and Emerging Technologies (ICEET)},   title={Design of a Self-Sustained Farming System (SFS) for Pakistan},   year={2019},  volume={},  number={},  pages={1-6},  doi={10.1109/CEET1.2019.8711852}}

% 2018 - 2019 Choque
@INPROCEEDINGS{8526399,  author={Erick, M. and Fiestas, S. and Sixto, R. and Prado, G.},  booktitle={2018 IEEE XXV International Conference on Electronics, Electrical Engineering and Computing (INTERCON)},   title={Modeling and Simulation of Kinematics and Trajectory Planning of a Farmbot Cartesian Robot},   year={2018},  volume={},  number={},  pages={1-4},  doi={10.1109/INTERCON.2018.8526399}}

@INPROCEEDINGS{8564607,  author={Choque Moscoso, Carlos J. and Fiestas Sorogastúa, Erick M. and Prado Gardini, Ricardo S.},  booktitle={2018 IEEE ANDESCON},   title={Efficient Implementation of a Cartesian Farmbot Robot for Agricultural Applications in the Region La Libertad-Peru},   year={2018},  volume={},  number={},  pages={1-6},  doi={10.1109/ANDESCON.2018.8564607}}

@INPROCEEDINGS{8905717,  author={C. J. {Choque M} and P. E. {Linares O} and N. F. {Alcorta S} and J. L. {Alva A} and S. R. {Prado G.}},  booktitle={2019 IEEE 1st Sustainable Cities Latin America Conference (SCLA)},   title={IoT Automated Orchard in a Domestic Environment},   year={2019},  volume={},  number={},  pages={1-6},  doi={10.1109/SCLA.2019.8905717}}

% 2020
@INPROCEEDINGS{9074856,  author={K. {Ramesh} and K. T. {Prajwal} and C. {Roopini} and M. {Gowda M.H.} and V. V. S. N. S. {Gupta}},  booktitle={2020 2nd International Conference on Innovative Mechanisms for Industry Applications (ICIMIA)},   title={Design and Development of an Agri-bot for Automatic Seeding and Watering Applications},   year={2020},  volume={},  number={},  pages={686-691},  doi={10.1109/ICIMIA48430.2020.9074856}}

@INPROCEEDINGS{9231850,  author={N. {Putu Devira Ayu Martini} and N. {Tamami} and A. {Husein Alasiry}},  booktitle={2020 International Electronics Symposium (IES)},   title={Design and Development of Automatic Plant Robots with Scheduling System},   year={2020},  volume={},  number={},  pages={302-307},  doi={10.1109/IES50839.2020.9231850}}

% Car bot
@INPROCEEDINGS{8494164,  author={M. D. I. {Sujon} and R. {Nasir} and M. M. I. {Habib} and M. I. {Nomaan} and J. {Baidya} and M. R. {Islam}},  booktitle={2018 International Conference on Intelligent Autonomous Systems (ICoIAS)},   title={Agribot: Arduino Controlled Autonomous Multi-Purpose Farm Machinery Robot for Small to Medium Scale Cultivation},   year={2018},  volume={},  number={},  pages={155-159},  doi={10.1109/ICoIAS.2018.8494164}}

% CNC precision
@INPROCEEDINGS{9064982,  author={Lian, Serina Lim Chee and Zahari, Rahimi and Lim, Tiong Hoo},  booktitle={2020 International Conference on Artificial Intelligence in Information and Communication (ICAIIC)},   title={Precision Analysis of Bresenhams Algorithm on Low-power Intelligent Seeding System},   year={2020},  volume={},  number={},  pages={231-236},  doi={10.1109/ICAIIC48513.2020.9064982}}

% ===== Check Line V2 2021/08/09

% =================== %
% Pose Estimation
% =================== %

% Refs 3
@inproceedings{okorn2020learning,
  title={Learning orientation distributions for object pose estimation},
  author={Okorn, Brian and Xu, Mengyun and Hebert, Martial and Held, David},
  booktitle={2020 IEEE/RSJ International Conference on Intelligent Robots and Systems (IROS)},
  pages={10580--10587},
  year={2020},
  organization={IEEE}
}
% Refs 664
@article{xiang2017posecnn,
  title={Posecnn: A convolutional neural network for 6d object pose estimation in cluttered scenes},
  author={Xiang, Yu and Schmidt, Tanner and Narayanan, Venkatraman and Fox, Dieter},
  journal={arXiv preprint arXiv:1711.00199},
  year={2017}
}

% Refs 3727
@inproceedings{gal2016dropout,
  title={Dropout as a bayesian approximation: Representing model uncertainty in deep learning},
  author={Gal, Yarin and Ghahramani, Zoubin},
  booktitle={international conference on machine learning},
  pages={1050--1059},
  year={2016},
  organization={PMLR}
}

@article{bochkovskiy2020yolov4,
  title={YOLOv4: Optimal Speed and Accuracy of Object Detection},
  author={Bochkovskiy, Alexey and Wang, Chien-Yao and Liao, Hong-Yuan Mark},
  journal={arXiv preprint arXiv:2004.10934},
  year={2020}
}

@misc{darknet13,
  author =   {Joseph Redmon},
  title =    {Darknet: Open Source Neural Networks in C},
  howpublished = {\url{http://pjreddie.com/darknet/}},
  year = {2013--2016}
}



% =================== %
% Path Planning
% =================== %


@INPROCEEDINGS{5420705,  author={TM, Anand},  booktitle={2009 IEEE International Conference on Robotics and Biomimetics (ROBIO)},   title={Reactive deformation of path for navigation among dynamic obstacles},   year={2009},  volume={},  number={},  pages={544-549},  doi={10.1109/ROBIO.2009.5420705}}


% =================== %
% Linear Regression
% =================== %
@article{weisstein2002least,
  title={Least squares fitting},
  author={Weisstein, Eric W},
  journal={https://mathworld.wolfram.com/},
  year={2002},
  publisher={Wolfram Research, Inc.}
}

@article{de1986and,
  title={When, why, and how to use weighted least squares},
  author={de Levie, Robert},
  journal={Journal of chemical education},
  volume={63},
  number={1},
  pages={10},
  year={1986},
  publisher={ACS Publications}
}

@inbook{f._2003_lse, 
 title={Least Squares Estimation},
 booktitle={Linear Regression Analysis, 2nd Edition},
 publisher={John Wiley \&; Sons}, author={F., Seber George A}, year={2003}, pages={35–38}} 
 
@inbook{f._2003_wls, title={Weighted Least Squares for the Straight Line}, booktitle={Linear Regression Analysis, 2nd Edition}, publisher={John Wiley \&; Sons}, author={F., Seber George A}, year={2003}, pages={150–151}} 